<?xml version="1.0" encoding="UTF-8"?><collection xmlns="http://www.loc.gov/MARC21/slim"><record><leader>00456nam--2200181-i-4500</leader><controlfield tag="001">000023164</controlfield><controlfield tag="002">20161230</controlfield><controlfield tag="005">20161230201034</controlfield><controlfield tag="008">060222s1000------------r-----000-0-eng-d</controlfield><datafield ind1=" " ind2=" " tag="040"><subfield code="a">IFIN-HH</subfield></datafield><datafield ind1=" " ind2=" " tag="080"><subfield code="a">530.1:539.12</subfield></datafield><datafield ind1="1" ind2=" " tag="100"><subfield code="a">Hsu, J.P</subfield></datafield><datafield ind1="1" ind2="0" tag="245"><subfield code="a">A model of weak interactions</subfield><subfield code="c">J.p. hsu, m. hongoh</subfield></datafield><datafield ind1=" " ind2=" " tag="260"><subfield code="a">/F.Loc.</subfield><subfield code="b">/F.Ed.</subfield><subfield code="c">/F.An</subfield></datafield><datafield ind1=" " ind2=" " tag="300"><subfield code="a">20P. + EXTRAS</subfield></datafield><datafield ind1="1" ind2=" " tag="700"><subfield code="a">Hongoh, M</subfield></datafield><datafield ind1=" " ind2=" " tag="852"><subfield code="a">12226</subfield><subfield code="c">539.12</subfield></datafield><datafield ind1=" " ind2=" " tag="CAT"><subfield code="a">Sys</subfield><subfield code="c">20111102</subfield><subfield code="h">152931</subfield></datafield></record></collection>